% This file was created with Citavi 5.7.1.0

@book{Angrist.2009,
 author = {Angrist, Joshua David and Pischke, J{\"o}rn-Steffen},
 year = {2009},
 title = {{Mostly harmless econometrics}},
 url = {http://site.ebrary.com/lib/alltitles/docDetail.action?docID=10392647},
 keywords = {Econometrics;Regression analysis},
 publisher = {{Princeton Univ. Press}},
 isbn = {9780691120355},
 subtitle = {{An empiricist's companion}},
 language = {eng},
 location = {Princeton, NJ},
 abstract = {},
 pagetotal = {373},
 note = {Angrist, Joshua David (VerfasserIn)

Pischke, J{\"o}rn-Steffen (VerfasserIn)},
 file = {http://external.dandelon.com/download/attachments/dandelon/ids/CH001ECEECCEB6072DAF9C12575B40036212F.pdf},
 file = {http://external.dandelon.com/download/attachments/dandelon/ids/DE010D054C5CC41251E6FC12575600039D6EE.pdf},
 file = {http://lib.myilibrary.com/detail.asp?ID=260809},
 file = {http://zbmath.org/?q=an:1159.62090},
 file = {https://external.dandelon.com/download/attachments/dandelon/ids/DE010D054C5CC41251E6FC12575600039D6EE.pdf}
}


@book{Conover.1999,
 author = {Conover, W. J.},
 year = {1999},
 title = {{Practical nonparametric statistics}},
 keywords = {Nichtparametrische Statistik;Nonparametric statistics},
 edition = {3. ed.},
 publisher = {Wiley},
 isbn = {0471160687},
 language = {eng},
 location = {New York, NY},
 series = {{Wiley series in probability and statistics Applied probability and statistics section}},
 abstract = {},
 pagetotal = {584},
 note = {Conover, W. J. (VerfasserIn)}
}


@book{Kennedy.2008,
 author = {Kennedy, Peter},
 year = {2008},
 title = {{A guide to econometrics}},
 url = {http://www.loc.gov/catdir/enhancements/fy0827/2007039113-b.html},
 keywords = {Econometrics;{\"O}konometrie;{\"O}konometrische Methode;Theorie},
 edition = {6. ed.},
 publisher = {Blackwell},
 isbn = {9781405182584},
 language = {eng},
 location = {Malden, Mass.},
 abstract = {The classic aide to econometric students worldwide is now in a new edition. Guide to Econometrics, 6th edition is designed to illuminate the logic of econometrics without formulas, providing intuition, skepticism, insights, humor, and practical advice. Designed for use in a range of courses, from undergraduate to graduate and PhD level. New chapters cover instrumental variables, computation considerations. Includes extensive information on GMM, nonparametrics, and an introduction to wavelets.},
 pagetotal = {585},
 note = {Kennedy, Peter (VerfasserIn)},
 file = {http://libero/Bibliothek/online-inhaltsverzeichnisse/2008L0386.pdf},
 file = {http://www.loc.gov/catdir/enhancements/fy0827/2007039113-d.html},
 file = {http://www.loc.gov/catdir/enhancements/fy0827/2007039113-t.html}
}


@book{Stock.2015,
 author = {Stock, James H. and Watson, Mark W.},
 year = {2015},
 title = {{Introduction to econometrics}},
 keywords = {Econometrics;{\'E}conom{\'e}trie},
 edition = {Third edition update},
 publisher = {Pearson},
 isbn = {0133486877},
 location = {Hoboken, New Jersey},
 series = {{The Pearson series in economics}},
 abstract = {},
 pagetotal = {xliii, 790},
 note = {Watson, Mark W., (auteur.)},
 file = {http://www.worldcat.org/oclc/902613356}
}


@book{Train.2009,
 author = {Train, Kenneth},
 year = {2009},
 title = {{Discrete choice methods with simulation}},
 keywords = {Consumers' preferences;Decision making;Simulation methods},
 edition = {2nd ed.},
 publisher = {{Cambridge University Press}},
 isbn = {0521747384},
 location = {Cambridge and New York},
 abstract = {},
 pagetotal = {x, 388},
 file = {http://www.loc.gov/catdir/toc/fy1001/2009020438.html}
}


@book{Washington.2011,
 author = {Washington, Simon and Mannering, Fred L. and Karlaftis, Matthew G.},
 year = {2011},
 title = {{Statistical and econometric methods for transportation data analysis}},
 url = {http://search.ebscohost.com/login.aspx?direct=true&scope=site&db=nlebk&AN=1763415},
 edition = {Second edition},
 publisher = {{CRC Press}},
 isbn = {142008285X},
 language = {eng},
 location = {Boca Raton, FL},
 abstract = {Part 1: fundamentals -- Statistical inference 1: descriptive statistics -- Statistical inference 2: interval estimation, hypothesis testing and population comparisons -- Part 3: continuous dependent variable models -- Linear regression -- Violations of regression assumptions -- Simultaneous-equation models -- Panel data analysis -- Background and exploration in time series -- Forecasting in time series: autoregressive integrated moving average (ARIMA) models and extensions -- Latent variables models -- Duration models -- Part 3: count and discrete dependent variable models -- Count data models -- Logistic regression -- Discrete outcome models -- Ordered probability models -- Discrete/continuous models -- Part 4: Other statistical methods -- Random-parameter models -- Bayesian models



FUNDAMENTALSStatistical Inference I: Descriptive StatisticsMeasures of Relative Standing Measures of Central Tendency Measures of Variability Skewness and Kurtosis Measures of Association Properties of Estimators Methods of Displaying DataStatistical Inference II: Interval Estimation, Hypothesis Testing, and Population ComparisonsConfidence IntervalsHypothesis Testing Inferences Regarding a Single PopulationComparing Two PopulationsNonparametric MethodsCONTINUOUS DEPENDENT VARIABLE MODELSLinear RegressionAssumptions of the Linear Regression ModelRegression FundamentalsManipulating Variables in},
 pagetotal = {526},
 note = {Washington, Simon (VerfasserIn)},
 file = {http://gso.gbv.de/DB=2.1/PPNSET?PPN=1026289939}
}


@book{Wooldridge.2016,
 author = {Wooldridge, Jeffrey M.},
 year = {2016},
 title = {{Introductory econometrics}},
 keywords = {Econometrics;Lehrbuch;{\"O}konometrie;{\"O}konometrik},
 edition = {Sixth edition},
 publisher = {{Cengage Learning}},
 isbn = {9781305270107},
 subtitle = {{A modern approach}},
 language = {eng},
 location = {Boston, MA},
 abstract = {},
 pagetotal = {789},
 note = {Wooldridge, Jeffrey M. (VerfasserIn)},
 file = {https://external.dandelon.com/download/attachments/dandelon/ids/CH0015AE1FD2F44241035C1258064004CBBA5.pdf}
}

% This file was created with Citavi 6.3.0.0

@book{Angrist.2009,
 author = {Angrist, Joshua David and Pischke, J{\"o}rn-Steffen},
 year = {2009},
 title = {{Mostly harmless econometrics}},
 url = {http://site.ebrary.com/lib/alltitles/docDetail.action?docID=10392647},
 keywords = {Econometrics;Regression analysis},
 publisher = {{Princeton Univ. Press}},
 isbn = {9780691120355},
 subtitle = {{An empiricist's companion}},
 language = {eng},
 location = {Princeton, NJ},
 abstract = {},
 pagetotal = {373},
 note = {Angrist, Joshua David (VerfasserIn)

Pischke, J{\"o}rn-Steffen (VerfasserIn)},
 file = {http://external.dandelon.com/download/attachments/dandelon/ids/CH001ECEECCEB6072DAF9C12575B40036212F.pdf},
 file = {http://external.dandelon.com/download/attachments/dandelon/ids/DE010D054C5CC41251E6FC12575600039D6EE.pdf},
 file = {http://lib.myilibrary.com/detail.asp?ID=260809},
 file = {http://zbmath.org/?q=an:1159.62090},
 file = {https://external.dandelon.com/download/attachments/dandelon/ids/DE010D054C5CC41251E6FC12575600039D6EE.pdf}
}


@book{Conover.1999,
 author = {Conover, W. J.},
 year = {1999},
 title = {{Practical nonparametric statistics}},
 keywords = {Nichtparametrische Statistik;Nonparametric statistics},
 edition = {3. ed.},
 publisher = {Wiley},
 isbn = {0471160687},
 language = {eng},
 location = {New York, NY},
 series = {{Wiley series in probability and statistics Applied probability and statistics section}},
 abstract = {},
 pagetotal = {584},
 note = {Conover, W. J. (VerfasserIn)}
}


@book{Kennedy.2008,
 author = {Kennedy, Peter},
 year = {2008},
 title = {{A guide to econometrics}},
 url = {http://www.loc.gov/catdir/enhancements/fy0827/2007039113-b.html},
 keywords = {Econometrics;{\"O}konometrie;{\"O}konometrische Methode;Theorie},
 edition = {6. ed.},
 publisher = {Blackwell},
 isbn = {9781405182584},
 language = {eng},
 location = {Malden, Mass.},
 abstract = {The classic aide to econometric students worldwide is now in a new edition. Guide to Econometrics, 6th edition is designed to illuminate the logic of econometrics without formulas, providing intuition, skepticism, insights, humor, and practical advice. Designed for use in a range of courses, from undergraduate to graduate and PhD level. New chapters cover instrumental variables, computation considerations. Includes extensive information on GMM, nonparametrics, and an introduction to wavelets.},
 pagetotal = {585},
 note = {Kennedy, Peter (VerfasserIn)},
 file = {http://www.loc.gov/catdir/enhancements/fy0827/2007039113-d.html},
 file = {http://libero/Bibliothek/online-inhaltsverzeichnisse/2008L0386.pdf},
 file = {http://www.loc.gov/catdir/enhancements/fy0827/2007039113-t.html}
}


@book{Neter.1990,
 author = {Neter, John and Wasserman, William and Kutner, Michael H.},
 year = {1990},
 title = {{Applied linear statistical Models}},
 edition = {3. ed.},
 publisher = {Irwin},
 isbn = {025608338X},
 subtitle = {{Regression, analysis of variance, and experimental designs}},
 language = {eng},
 location = {Homewood, Ill.},
 abstract = {},
 pagetotal = {1181},
 note = {Neter, John (VerfasserIn)

Wasserman, William (VerfasserIn)

Kutner, Michael H. (VerfasserIn)}
}


@book{Stock.2015,
 author = {Stock, James H. and Watson, Mark W.},
 year = {2015},
 title = {{Introduction to econometrics}},
 keywords = {Econometrics;{\'E}conom{\'e}trie},
 edition = {Third edition update},
 publisher = {Pearson},
 isbn = {0133486877},
 location = {Hoboken, New Jersey},
 series = {{The Pearson series in economics}},
 abstract = {},
 pagetotal = {xliii, 790},
 note = {Watson, Mark W., (auteur.)},
 file = {http://www.worldcat.org/oclc/902613356}
}


@book{Train.2009,
 author = {Train, Kenneth},
 year = {2009},
 title = {{Discrete choice methods with simulation}},
 keywords = {Consumers' preferences;Decision making;Simulation methods},
 edition = {2nd ed.},
 publisher = {{Cambridge University Press}},
 isbn = {0521747384},
 location = {Cambridge and New York},
 abstract = {},
 pagetotal = {x, 388},
 file = {http://www.loc.gov/catdir/toc/fy1001/2009020438.html}
}


@book{Washington.2011,
 author = {Washington, Simon and Mannering, Fred L. and Karlaftis, Matthew G.},
 year = {2011},
 title = {{Statistical and econometric methods for transportation data analysis}},
 url = {http://search.ebscohost.com/login.aspx?direct=true&scope=site&db=nlebk&AN=1763415},
 edition = {Second edition},
 publisher = {{CRC Press}},
 isbn = {142008285X},
 language = {eng},
 location = {Boca Raton, FL},
 abstract = {Part 1: fundamentals -- Statistical inference 1: descriptive statistics -- Statistical inference 2: interval estimation, hypothesis testing and population comparisons -- Part 3: continuous dependent variable models -- Linear regression -- Violations of regression assumptions -- Simultaneous-equation models -- Panel data analysis -- Background and exploration in time series -- Forecasting in time series: autoregressive integrated moving average (ARIMA) models and extensions -- Latent variables models -- Duration models -- Part 3: count and discrete dependent variable models -- Count data models -- Logistic regression -- Discrete outcome models -- Ordered probability models -- Discrete/continuous models -- Part 4: Other statistical methods -- Random-parameter models -- Bayesian models



FUNDAMENTALSStatistical Inference I: Descriptive StatisticsMeasures of Relative Standing Measures of Central Tendency Measures of Variability Skewness and Kurtosis Measures of Association Properties of Estimators Methods of Displaying DataStatistical Inference II: Interval Estimation, Hypothesis Testing, and Population ComparisonsConfidence IntervalsHypothesis Testing Inferences Regarding a Single PopulationComparing Two PopulationsNonparametric MethodsCONTINUOUS DEPENDENT VARIABLE MODELSLinear RegressionAssumptions of the Linear Regression ModelRegression FundamentalsManipulating Variables in},
 pagetotal = {526},
 note = {Washington, Simon (VerfasserIn)},
 file = {http://gso.gbv.de/DB=2.1/PPNSET?PPN=1026289939}
}


@book{Wooldridge.2016,
 author = {Wooldridge, Jeffrey M.},
 year = {2016},
 title = {{Introductory econometrics}},
 keywords = {Econometrics;Lehrbuch;{\"O}konometrie;{\"O}konometrik},
 edition = {Sixth edition},
 publisher = {{Cengage Learning}},
 isbn = {9781305270107},
 subtitle = {{A modern approach}},
 language = {eng},
 location = {Boston, MA},
 abstract = {},
 pagetotal = {789},
 note = {Wooldridge, Jeffrey M. (VerfasserIn)},
 file = {https://external.dandelon.com/download/attachments/dandelon/ids/CH0015AE1FD2F44241035C1258064004CBBA5.pdf}
}



