@booklet{jtlu,
 title = {{Journal of Transport and Land Use}},
}

@booklet{TRB,
 title = {{Transportation Research Part A-F}},
}

@booklet{Transportation,
 title = {{Transportation}},
}

@booklet{TranReview,
 title = {{Transport Review}},
}
